@ARTICLE {Gaillard,
    author  = "Patrick Gaillard and Pierre-Alain Carrupff and Bernard Testa, Alain Boudon",
    title   = "Molecular Lipophilicity Potential, a tool in 3D QSAR: Method and applications",
    journal = "Journal of Computer-Aided Molecular Design",
    year    = "1994",
    volume  = "8",
    number  = "235",
    pages   = "83-96"
}

@ARTICLE {Ghose,
    author  = "Arup K. Ghose and Vellarkad N. Viswanadhan and John J. Wendoloski",
    title   = "Prediction of Hydrophobic (Lipophilic) Properties of Small Organic Molecules Using Fragmental Methods: An Analysis of ALOGP and CLOGP Methods",
    journal = "The Journal of Physical Chemistry A",
    year    = "1998",
    volume  = "102",
    pages   = "3762-3772"
}

@ARTICLE {Platinum,
    author  = "Timothy V. Pyrkovand Anton O. Chugunovand Nikolay A. Krylovand Dmitry E. Noldeand Roman G. Efremov",
    title   = "PLATINUM: a web tool for analysis of hydrophobic/hydrophilic organization of biomolecular complexes",
    journal = "Bioinformatics",
    year    = "2009",
    volume  = "25",
    number  = "9",
    pages   = "1201-1202"
}

@BOOK {Book,
    author    = "Vladimir PliSka and Bernard Testa and Han van de Waterbeemd",
    title     = "Lipophilicity in Drug Action and Toxicology",
    publisher = "VCH Verlagsgesellschaft mbH",
    year      = "1996"
}
